<record><leader>00000cas a2200000 a 4500</leader><controlfield tag="001">27376074</controlfield><controlfield tag="008">930205d18881898maudr ne      0    0eng c</controlfield><datafield ind1=" " ind2=" " tag="010"><subfield code="a">sn 93058748 </subfield></datafield><datafield ind1=" " ind2=" " tag="040"><subfield code="a">MGN</subfield><subfield code="b">eng</subfield><subfield code="c">MGN</subfield><subfield code="d">DLC</subfield><subfield code="d">OCLCQ</subfield><subfield code="d">OCLCF</subfield><subfield code="d">OCLCO</subfield></datafield><datafield ind1="1" ind2=" " tag="029"><subfield code="a">AU@</subfield><subfield code="b">000020714027</subfield></datafield><datafield ind1=" " ind2=" " tag="042"><subfield code="a">pcc</subfield></datafield><datafield ind1=" " ind2=" " tag="043"><subfield code="a">n-us-ma</subfield></datafield><datafield ind1="0" ind2="0" tag="050"><subfield code="a">Newspaper</subfield></datafield><datafield ind1="0" ind2="0" tag="245"><subfield code="a">Worcester morning daily spy.</subfield></datafield><datafield ind1="3" ind2="0" tag="246"><subfield code="a">Worcester morning Sunday spy</subfield></datafield><datafield ind1="1" ind2="3" tag="246"><subfield code="a">Worcester daily spy</subfield></datafield><datafield ind1="1" ind2="7" tag="246"><subfield code="a">Sunday spy</subfield></datafield><datafield ind1=" " ind2=" " tag="260"><subfield code="a">Worcester, Mass. :</subfield><subfield code="b">[s.n.]</subfield></datafield><datafield ind1=" " ind2=" " tag="300"><subfield code="a">v.</subfield></datafield><datafield ind1=" " ind2=" " tag="310"><subfield code="a">Daily</subfield></datafield><datafield ind1="0" ind2=" " tag="362"><subfield code="a">Vol. 43, no. 169 (July 16, 1888)- 53rd yr. (July 7, 1898).</subfield></datafield><datafield ind1=" " ind2=" " tag="500"><subfield code="a">"Morning" appears in an ornament.</subfield></datafield><datafield ind1=" " ind2=" " tag="500"><subfield code="a">Sunday issues published as Worcester morning Sunday spy.</subfield></datafield><datafield ind1=" " ind2=" " tag="500"><subfield code="a">Also available on microfilm from the Library of Congress Photoduplication Service.</subfield></datafield><datafield ind1=" " ind2=" " tag="515"><subfield code="a">Sunday issues numbered separately: Vol. 1, no. 1 (July 22, 1888)-11th yr. (June 26, 1898).</subfield></datafield><datafield ind1=" " ind2="0" tag="651"><subfield code="a">Worcester (Mass.)</subfield><subfield code="v">Newspapers.</subfield></datafield><datafield ind1=" " ind2="7" tag="655"><subfield code="a">Newspapers.</subfield><subfield code="2">fast</subfield><subfield code="0">(OCoLC)fst01423814</subfield></datafield><datafield ind1=" " ind2="7" tag="651"><subfield code="a">Massachusetts</subfield><subfield code="z">Worcester.</subfield><subfield code="2">fast</subfield><subfield code="0">(OCoLC)fst01207904</subfield></datafield><datafield ind1=" " ind2=" " tag="752"><subfield code="a">United States</subfield><subfield code="b">Massachusetts</subfield><subfield code="c">Worcester</subfield><subfield code="d">Worcester.</subfield></datafield><datafield ind1="0" ind2="0" tag="780"><subfield code="t">Worcester daily spy</subfield><subfield code="w">(DLC)sn 83021205</subfield></datafield><datafield ind1="0" ind2="0" tag="785"><subfield code="t">Worcester spy</subfield><subfield code="w">(DLC)sn 86086481</subfield></datafield></record>